<?xml version="1.0" encoding="UTF-8"?><record xmlns="http://www.loc.gov/MARC21/slim" xmlns:cinclude="http://apache.org/cocoon/include/1.0" xmlns:zs="http://www.loc.gov/zing/srw/">
  <leader>00454nz  a2200145n  4500</leader>
  <controlfield tag="001">no2009184371</controlfield>
  <controlfield tag="003">DLC</controlfield>
  <controlfield tag="005">20091118075625.0</controlfield>
  <controlfield tag="008">091116n| acannaabn          |n aaa     c</controlfield>
  <datafield tag="010" ind1=" " ind2=" ">
    <subfield code="a">no2009184371</subfield>
  </datafield>
  <datafield tag="035" ind1=" " ind2=" ">
    <subfield code="a">(OCoLC)oca08307429</subfield>
  </datafield>
  <datafield tag="040" ind1=" " ind2=" ">
    <subfield code="a">ODaU</subfield>
    <subfield code="b">eng</subfield>
    <subfield code="c">ODaU</subfield>
  </datafield>
  <datafield tag="100" ind1="1" ind2=" ">
    <subfield code="a">Parker, Jessica Lynn,</subfield>
    <subfield code="d">1985-</subfield>
  </datafield>
  <datafield tag="670" ind1=" " ind2=" ">
    <subfield code="a">The "party school" factor, 2009:</subfield>
    <subfield code="b">t.p. (Jessica Lynn Parker)</subfield>
  </datafield>
  <datafield tag="670" ind1=" " ind2=" ">
    <subfield code="a">U. of Dayton alumni records, May 5, 2009</subfield>
    <subfield code="b">(Jessica L. Parker; b. 1985)</subfield>
  </datafield>
</record>